
@article{Pesigan_2014,
	doi = {10.1016/j.adolescence.2014.04.012},
	url = {https://doi.org/10.1016%2Fj.adolescence.2014.04.012},
	year = 2014,
	month = {jul},
	publisher = {Elsevier {BV}},
	volume = {37},
	number = {5},
	pages = {599--604},
	author = {Ivan Jacob Agaloos Pesigan and Koen Luyckx and Liane Pe{\~{n}}a Alampay},
	title = {Brief report: Identity processes in Filipino late adolescents and young adults: Parental influences and mental health outcomes},
	journal = {Journal of Adolescence}
}

@article{Yu_2015,
	doi = {10.1007/s11469-015-9612-8},
	url = {https://doi.org/10.1007%2Fs11469-015-9612-8},
	year = 2015,
	month = {dec},
	publisher = {Springer Science and Business Media {LLC}},
	volume = {14},
	number = {4},
	pages = {550--564},
	author = {Shu Yu and Anise Man Sze Wu and Ivan Jacob Agaloos Pesigan},
	title = {Cognitive and Psychosocial Health Risk Factors of Social Networking Addiction},
	journal = {International Journal of Mental Health and Addiction}
}

@article{Zamboanga_2015,
	doi = {10.1016/j.addbeh.2014.10.002},
	url = {https://doi.org/10.1016%2Fj.addbeh.2014.10.002},
	year = 2015,
	month = {feb},
	publisher = {Elsevier {BV}},
	volume = {41},
	pages = {112--116},
	author = {Byron L. Zamboanga and Ivan Jacob Agaloos Pesigan and Cara C. Tomaso and Seth J. Schwartz and Lindsay S. Ham and Melina Bersamin and Su Yeong Kim and Miguel A. Cano and Linda G. Castillo and Larry F. Forthun and Susan Krauss Whitbourne and Eric A. Hurley},
	title = {Frequency of drinking games participation and alcohol-related problems in a multiethnic sample of college students: Do gender and ethnicity matter?},
	journal = {Addictive Behaviors}
}

@article{Crocetti_2014,
	doi = {10.1007/s10566-014-9275-9},
	url = {https://doi.org/10.1007%2Fs10566-014-9275-9},
	year = 2014,
	month = {aug},
	publisher = {Springer Science and Business Media {LLC}},
	volume = {44},
	number = {2},
	pages = {159--174},
	author = {Elisabetta Crocetti and William W. Hale and Radosveta Dimitrova and Amina Abubakar and Cheng-Hai Gao and Ivan Jacob Agaloos Pesigan},
	title = {Generalized Anxiety Symptoms and Identity Processes in Cross-Cultural Samples of Adolescents from the General Population},
	journal = {Child {\&} Youth Care Forum}
}

@article{Zamboanga_2015,
	doi = {10.1037/a0039101},
	url = {https://doi.org/10.1037%2Fa0039101},
	year = 2015,
	month = {oct},
	publisher = {American Psychological Association ({APA})},
	volume = {16},
	number = {4},
	pages = {468--473},
	author = {Byron L. Zamboanga and Derek K. Iwamoto and Ivan Jacob Agaloos Pesigan and Cara C. Tomaso},
	title = {A {\textquotedblleft}player's{\textquotedblright} game? Masculinity and drinking games participation among White and Asian American male college freshmen.},
	journal = {Psychology of Men {\&} Masculinity}
}

@article{Bernardo_2017,
	doi = {10.1016/j.paid.2016.10.059},
	url = {https://doi.org/10.1016%2Fj.paid.2016.10.059},
	year = 2017,
	month = {feb},
	publisher = {Elsevier {BV}},
	volume = {106},
	pages = {253--256},
	author = {Allan B.I. Bernardo and Tulips Yiwen Wang and Ivan Jacob Agaloos Pesigan and Susanna S. Yeung},
	title = {Pathways from collectivist coping to life satisfaction among Chinese: The roles of locus-of-hope},
	journal = {Personality and Individual Differences}
}

@article{Herring_2016,
	doi = {10.1016/j.addbeh.2016.03.026},
	url = {https://doi.org/10.1016%2Fj.addbeh.2016.03.026},
	year = 2016,
	month = {sep},
	publisher = {Elsevier {BV}},
	volume = {60},
	pages = {18--23},
	author = {Tracy E. Herring and Byron L. Zamboanga and Janine V. Olthuis and Ivan Jacob Agaloos Pesigan and Jessica L. Martin and Nicholas W. McAfee and Matthew P. Martens},
	title = {Utility of the Athlete Drinking Scale for assessing drinking motives among high school athletes},
	journal = {Addictive Behaviors}
}

@article{Zhang_2019a,
	doi = {10.1016/j.addbeh.2018.11.045},
	url = {https://doi.org/10.1016%2Fj.addbeh.2018.11.045},
	year = 2019,
	month = {mar},
	publisher = {Elsevier {BV}},
	volume = {90},
	pages = {389--394},
	author = {Meng Xuan Zhang and Ivan Jacob Agaloos Pesigan and Christopher W. Kahler and Michael C.W. Yip and Shu Yu and Anise M.S. Wu},
	title = {Psychometric properties of a Chinese version of the Brief Young Adult Alcohol Consequences Questionnaire (B-{YAACQ})},
	journal = {Addictive Behaviors}
}

@article{Zhang_2019b,
	doi = {10.1080/10826084.2019.1658784},
	url = {https://doi.org/10.1080%2F10826084.2019.1658784},
	year = 2019,
	month = {sep},
	publisher = {Informa {UK} Limited},
	volume = {55},
	number = {1},
	pages = {156--166},
	author = {Meng Xuan Zhang and Lisbeth Ku and Anise M. S. Wu and Shu M. Yu and Ivan Jacob Agaloos Pesigan},
	title = {Effects of Social and Outcome Expectancies on Hazardous Drinking among Chinese University Students: The Mediating Role of Drinking Motivations},
	journal = {Substance Use {\&} Misuse}
}

